@article{connolly1997harmonic,
  title={Harmonic functions and collision probabilities},
  author={Connolly, Christopher I},
  journal={The International Journal of Robotics Research},
  volume={16},
  number={4},
  pages={497--507},
  year={1997},
  publisher={Sage Publications Sage CA: Thousand Oaks, CA}
}

@article{brock2002elastic,
  title={Elastic strips: A framework for motion generation in human environments},
  author={Brock, Oliver and Khatib, Oussama},
  journal={The International Journal of Robotics Research},
  volume={21},
  number={12},
  pages={1031--1052},
  year={2002},
  publisher={SAGE Publications Sage UK: London, England}
}

@inproceedings{glosser1994implementation,
  title={The implementation of a natural admittance controller on an industrial manipulator},
  author={Glosser, Gregory D and Newman, Wyatt S},
  booktitle={Proceedings of the 1994 IEEE International Conference on Robotics and Automation},
  pages={1209--1215},
  year={1994},
  organization={IEEE}
}

@inproceedings{haddadin2010real,
  title={Real-time reactive motion generation based on variable attractor dynamics and shaped velocities},
  author={Haddadin, Sami and Urbanek, Holger and Parusel, Sven and Burschka, Darius and Ro{\ss}mann, J{\"u}rgen and Albu-Sch{\"a}ffer, Alin and Hirzinger, Gerd},
  booktitle={2010 IEEE/RSJ International Conference on Intelligent Robots and Systems},
  pages={3109--3116},
  year={2010},
  organization={IEEE}
}

@book{friedland2012control,
  title={Control system design: an introduction to state-space methods},
  author={Friedland, Bernard},
  year={2012},
  publisher={Courier Corporation}
}

@article{loizou2022mobile,
  title={Mobile Robot Navigation Functions Tuned by Sensor Readings in Partially Known Environments},
  author={Loizou, Savvas and Rimon, Elon},
  journal={IEEE Robotics and Automation Letters},
  year={2022},
  publisher={IEEE}
}

@inproceedings{loizou2011closed,
  title={Closed form navigation functions based on harmonic potentials},
  author={Loizou, Savvas G},
  booktitle={Decision and Control and European Control Conference (CDC-ECC), 2011 50th IEEE Conference on},
  pages={6361--6366},
  year={2011},
  organization={IEEE}
}

@article{paternain2017navigation,
  title={Navigation functions for convex potentials in a space with convex obstacles},
  author={Paternain, Santiago and Koditschek, Daniel E and Ribeiro, Alejandro},
  journal={IEEE Transactions on Automatic Control},
  year={2017},
  publisher={IEEE}
}

@article{koditschek1990robot,
 title={Robot navigation functions on manifolds with boundary},
  author={Koditschek, Daniel E and Rimon, Elon},
  journal={Advances in applied mathematics},
  volume={11},
  number={4},
  pages={412--442},
  year={1990},
  publisher={Elsevier}
}

@misc{huber2023avoidance,
      title={Avoidance of Concave Obstacles through Rotation of Nonlinear Dynamics}, 
      author={Lukas Huber and Jean-Jacques Slotine and Aude Billard},
      year={2023},
      eprint={2306.16160},
      archivePrefix={arXiv},
      primaryClass={cs.RO}
}

@article{xie2020geometric,
  title={Geometric fabrics for the acceleration-based design of robotic motion},
  author={Xie, Mandy and Van Wyk, Karl and Li, Anqi and Rana, Muhammad Asif and Wan, Qian and Fox, Dieter and Boots, Byron and Ratliff, Nathan},
  journal={arXiv preprint arXiv:2010.14750},
  year={2020}
}

@inproceedings{singh1996real,
  title={Real-time robot motion control with circulatory fields},
  author={Singh, Leena and Stephanou, Harry and Wen, John},
  booktitle={Proceedings of IEEE International Conference on Robotics and Automation},
  volume={3},
  pages={2737--2742},
  year={1996},
  organization={IEEE}
}

@inproceedings{brock2002task,
  title={Task-consistent obstacle avoidance and motion behavior for mobile manipulation},
  author={Brock, Oliver and Khatib, Oussama and Viji, Sriram},
  booktitle={Proceedings 2002 IEEE International Conference on Robotics and Automation (Cat. No. 02CH37292)},
  volume={1},
  pages={388--393},
  year={2002},
  organization={IEEE}
}


@article{kappler2018real,
  title={Real-time perception meets reactive motion generation},
  author={Kappler, Daniel and Meier, Franziska and Issac, Jan and Mainprice, Jim and Cifuentes, Cristina Garcia and W{\"u}thrich, Manuel and Berenz, Vincent and Schaal, Stefan and Ratliff, Nathan and Bohg, Jeannette},
  journal={IEEE Robotics and Automation Letters},
  volume={3},
  number={3},
  pages={1864--1871},
  year={2018},
  publisher={IEEE}
}

@article{udwadia2003new,
  title={A new perspective on the tracking control of nonlinear structural and mechanical systems},
  author={Udwadia, FE},
  journal={Proceedings of the Royal Society of London. Series A: Mathematical, Physical and Engineering Sciences},
  volume={459},
  number={2035},
  pages={1783--1800},
  year={2003},
  publisher={The Royal Society}
}

@article{fujiki2022series,
  title={Series admittance--impedance controller for more robust and stable extension of force control},
  author={Fujiki, Takuto and Tahara, Kenji},
  journal={ROBOMECH Journal},
  volume={9},
  number={1},
  pages={23},
  year={2022},
  publisher={Springer}
}

@article{kronander2016stability,
  title={Stability considerations for variable impedance control},
  author={Kronander, Klas and Billard, Aude},
  journal={IEEE Transactions on Robotics},
  volume={32},
  number={5},
  pages={1298--1305},
  year={2016},
  publisher={IEEE}
}

@article{brock2002elastic,
  title={Elastic strips: A framework for motion generation in human environments},
  author={Brock, Oliver and Khatib, Oussama},
  journal={The International Journal of Robotics Research},
  volume={21},
  number={12},
  pages={1031--1052},
  year={2002},
  publisher={SAGE Publications Sage UK: London, England}
}


@article{khatib1986real,
  title={Real-time obstacle avoidance for manipulators and mobile robots},
  author={Khatib, Oussama},
  journal={The international journal of robotics research},
  volume={5},
  number={1},
  pages={90--98},
  year={1986},
  publisher={Sage Publications Sage CA: Thousand Oaks, CA}
}

@inproceedings{ferraguti2013tank,
  title={A tank-based approach to impedance control with variable stiffness},
  author={Ferraguti, Federica and Secchi, Cristian and Fantuzzi, Cesare},
  booktitle={2013 IEEE international conference on robotics and automation},
  pages={4948--4953},
  year={2013},
  organization={IEEE}
}

@article{vanderborght2013variable,
  title={Variable impedance actuators: A review},
  author={Vanderborght, Bram and Albu-Sch{\"a}ffer, Alin and Bicchi, Antonio and Burdet, Etienne and Caldwell, Darwin G and Carloni, Raffaella and Catalano, Manuel and Eiberger, Oliver and Friedl, Werner and Ganesh, Ganesh and others},
  journal={Robotics and autonomous systems},
  volume={61},
  number={12},
  pages={1601--1614},
  year={2013},
  publisher={Elsevier}
}


@inproceedings{bylard2021composable,
  title={Composable geometric motion policies using multi-task pullback bundle dynamical systems},
  author={Bylard, Andrew and Bonalli, Riccardo and Pavone, Marco},
  booktitle={2021 IEEE International Conference on Robotics and Automation (ICRA)},
  pages={7464--7470},
  year={2021},
  organization={IEEE}
}

@inproceedings{ratliff2021generalized,
  title={Generalized nonlinear and finsler geometry for robotics},
  author={Ratliff, Nathan D and Van Wyk, Karl and Xie, Mandy and Li, Anqi and Rana, Muhammad Asif},
  booktitle={2021 IEEE International Conference on Robotics and Automation (ICRA)},
  pages={10206--10212},
  year={2021},
  organization={IEEE}
}

@article{peters2008unifying,
  title={A unifying framework for robot control with redundant DOFs},
  author={Peters, Jan and Mistry, Michael and Udwadia, Firdaus and Nakanishi, Jun and Schaal, Stefan},
  journal={Autonomous Robots},
  volume={24},
  pages={1--12},
  year={2008},
  publisher={Springer}
}

@article{takegaki1981new,
  title={A new feedback method for dynamic control of manipulators},
  author={Takegaki, Morikazu and Arimoto, Suguru},
  year={1981}
}

@inproceedings{hogan1984impedance,
  title={Impedance control: An approach to manipulation},
  author={Hogan, Neville},
  booktitle={1984 American control conference},
  pages={304--313},
  year={1984},
  organization={IEEE}
}

@article{hogan1985impedance,
  title={Impedance control: An approach to manipulation: Part II—Implementation},
  author={Hogan, Neville},
  year={1985}
}

@article{topini2022variable,
  title={Variable admittance control of a hand exoskeleton for virtual reality-based rehabilitation tasks},
  author={Topini, Alberto and Sansom, William and Secciani, Nicola and Bartalucci, Lorenzo and Ridolfi, Alessandro and Allotta, Benedetto},
  journal={Frontiers in neurorobotics},
  volume={15},
  pages={188},
  year={2022},
  publisher={Frontiers}
}

@article{ajoudani2018progress,
  title={Progress and prospects of the human--robot collaboration},
  author={Ajoudani, Arash and Zanchettin, Andrea Maria and Ivaldi, Serena and Albu-Sch{\"a}ffer, Alin and Kosuge, Kazuhiro and Khatib, Oussama},
  journal={Autonomous Robots},
  volume={42},
  pages={957--975},
  year={2018},
  publisher={Springer}
}

@article{abu2020variable,
  title={Variable impedance control and learning—a review},
  author={Abu-Dakka, Fares J and Saveriano, Matteo},
  journal={Frontiers in Robotics and AI},
  volume={7},
  pages={590681},
  year={2020},
  publisher={Frontiers Media SA}
}

@article{stramigioli2005sampled,
  title={Sampled data systems passivity and discrete port-hamiltonian systems},
  author={Stramigioli, Stefano and Secchi, Cristian and van der Schaft, Arjan J and Fantuzzi, Cesare},
  journal={IEEE Transactions on Robotics},
  volume={21},
  number={4},
  pages={574--587},
  year={2005},
  publisher={IEEE}
}

@article{lee2010passive,
  title={Passive-set-position-modulation framework for interactive robotic systems},
  author={Lee, Dongjun and Huang, Ke},
  journal={IEEE Transactions on Robotics},
  volume={26},
  number={2},
  pages={354--369},
  year={2010},
  publisher={IEEE}
}

@inproceedings{cheng2020rmp,
  title={RMP flow: A Computational Graph for Automatic Motion Policy Generation},
  author={Cheng, Ching-An and Mukadam, Mustafa and Issac, Jan and Birchfield, Stan and Fox, Dieter and Boots, Byron and Ratliff, Nathan},
  booktitle={Algorithmic Foundations of Robotics XIII: Proceedings of the 13th Workshop on the Algorithmic Foundations of Robotics 13},
  pages={441--457},
  year={2020},
  organization={Springer}
}

@article{van2022geometric,
  title={Geometric fabrics: Generalizing classical mechanics to capture the physics of behavior},
  author={Van Wyk, Karl and Xie, Mandy and Li, Anqi and Rana, Muhammad Asif and Babich, Buck and Peele, Bryan and Wan, Qian and Akinola, Iretiayo and Sundaralingam, Balakumar and Fox, Dieter and others},
  journal={IEEE Robotics and Automation Letters},
  volume={7},
  number={2},
  pages={3202--3209},
  year={2022},
  publisher={IEEE}
}


@article{khatib1987unified,
  title={A unified approach for motion and force control of robot manipulators: The operational space formulation},
  author={Khatib, Oussama},
  journal={IEEE Journal on Robotics and Automation},
  volume={3},
  number={1},
  pages={43--53},
  year={1987},
  publisher={IEEE}
}

@article{albu2007unified,
  title={A unified passivity-based control framework for position, torque and impedance control of flexible joint robots},
  author={Albu-Sch{\"a}ffer, Alin and Ott, Christian and Hirzinger, Gerd},
  journal={The international journal of robotics research},
  volume={26},
  number={1},
  pages={23--39},
  year={2007},
  publisher={Sage Publications Sage CA: Thousand Oaks, CA}
}

@article{haddadin2011dynamic,
  title={Dynamic motion planning for robots in partially unknown environments},
  author={Haddadin, Sami and Belder, Rico and Albu-Sch{\"a}ffer, Alin},
  journal={IFAC Proceedings Volumes},
  volume={44},
  number={1},
  pages={6842--6850},
  year={2011},
  publisher={Elsevier}
}

@article{huber2019avoidance,
  title={Avoidance of convex and concave obstacles with convergence ensured through contraction},
  author={Huber, Lukas and Billard, Aude and Slotine, Jean-Jacques},
  journal={IEEE Robotics and Automation Letters},
  volume={4},
  number={2},
  pages={1462--1469},
  year={2019},
  publisher={IEEE}
}

@article{huber2022avoiding,
  title={Avoiding dense and dynamic obstacles in enclosed spaces: Application to moving in crowds},
  author={Huber, Lukas and Slotine, Jean-Jacques and Billard, Aude},
  journal={IEEE Transactions on Robotics},
  volume={38},
  number={5},
  pages={3113--3132},
  year={2022},
  publisher={IEEE}
}

@article{kronander2015passive,
  title={Passive interaction control with dynamical systems},
  author={Kronander, Klas and Billard, Aude},
  journal={IEEE Robotics and Automation Letters},
  volume={1},
  number={1},
  pages={106--113},
  year={2015},
  publisher={IEEE}
}

@inproceedings{tulbure2020closing,
  title={Closing the loop: Real-time perception and control for robust collision avoidance with occluded obstacles},
  author={Tulbure, Andreea and Khatib, Oussama},
  booktitle={2020 IEEE/RSJ International Conference on Intelligent Robots and Systems (IROS)},
  pages={5700--5707},
  year={2020},
  organization={IEEE}
}

@book{sepulchre2012constructive,
  title={Constructive nonlinear control},
  author={Sepulchre, Rodolphe and Jankovic, Mrdjan and Kokotovic, Petar V},
  year={2012},
  publisher={Springer Science \& Business Media}
}

@article{willems1972dissipative,
  title={Dissipative dynamical systems part I: General theory},
  author={Willems, Jan C},
  journal={Archive for rational mechanics and analysis},
  volume={45},
  number={5},
  pages={321--351},
  year={1972},
  publisher={Springer}
}

@inproceedings{gribovskaya2011motion,
  title={Motion learning and adaptive impedance for robot control during physical interaction with humans},
  author={Gribovskaya, Elena and Kheddar, Abderrahmane and Billard, Aude},
  booktitle={2011 IEEE International Conference on Robotics and Automation},
  pages={4326--4332},
  year={2011},
  organization={IEEE}
}

@article{huber2022fast,
  title={Fast obstacle avoidance based on real-time sensing},
  author={Huber, Lukas and Slotine, Jean-Jacques and Billard, Aude},
  journal={IEEE Robotics and Automation Letters},
  year={2022},
  publisher={IEEE}
}

@article{li1999passive,
  title={Passive velocity field control of mechanical manipulators},
  author={Li, Perry Y and Horowitz, Roberto},
  journal={IEEE Transactions on robotics and automation},
  volume={15},
  number={4},
  pages={751--763},
  year={1999},
  publisher={IEEE}
}

@article{duindam2004passive,
  title={Passive compensation of nonlinear robot dynamics},
  author={Duindam, Vincent and Stramigioli, Stefano and Scherpen, Jacquelien MA},
  journal={IEEE transactions on robotics and automation},
  volume={20},
  number={3},
  pages={480--488},
  year={2004},
  publisher={IEEE}
}

@inproceedings{kishi2003passive,
  title={Passive impedance control with time-varying impedance center},
  author={Kishi, Yasuo and Luo, Zhi Wei and Asano, Fumihiko and Hosoe, Shigeyuki},
  booktitle={Proceedings 2003 IEEE International Symposium on Computational Intelligence in Robotics and Automation. Computational Intelligence in Robotics and Automation for the New Millennium (Cat. No. 03EX694)},
  volume={3},
  pages={1207--1212},
  year={2003},
  organization={IEEE}
}
